<record><leader>00000cas a22000007a 4500</leader><controlfield tag="001">14634243</controlfield><controlfield tag="008">861104d18541858pauwr ne      0    0eng d</controlfield><controlfield tag="009">3768</controlfield><datafield ind1=" " ind2=" " tag="010"><subfield code="a">sn 86053873 </subfield></datafield><datafield ind1=" " ind2=" " tag="040"><subfield code="a">NPX</subfield><subfield code="b">eng</subfield><subfield code="c">NPX</subfield><subfield code="d">DLC</subfield><subfield code="d">NPH</subfield><subfield code="d">MGN</subfield><subfield code="d">DLC</subfield><subfield code="d">OCLCF</subfield></datafield><datafield ind1="1" ind2=" " tag="029"><subfield code="a">AU@</subfield><subfield code="b">000025796634</subfield></datafield><datafield ind1=" " ind2=" " tag="042"><subfield code="a">msc</subfield></datafield><datafield ind1=" " ind2=" " tag="043"><subfield code="a">n-us-pa</subfield></datafield><datafield ind1="0" ind2="0" tag="050"><subfield code="a">Newspaper 9375-X</subfield></datafield><datafield ind1="0" ind2="4" tag="245"><subfield code="a">The Mining register, and Pottsville emporium.</subfield></datafield><datafield ind1="0" ind2="3" tag="246"><subfield code="a">Register and emporium</subfield></datafield><datafield ind1="1" ind2="3" tag="246"><subfield code="a">Register &amp; emporium</subfield></datafield><datafield ind1=" " ind2=" " tag="260"><subfield code="a">Pottsville, Pa. :</subfield><subfield code="b">G.L. Vliet,</subfield><subfield code="c">1854-1858.</subfield></datafield><datafield ind1=" " ind2=" " tag="300"><subfield code="a">v. :</subfield><subfield code="b">ill. (chiefly advertisements) ;</subfield><subfield code="c">66 cm.</subfield></datafield><datafield ind1=" " ind2=" " tag="310"><subfield code="a">Weekly</subfield></datafield><datafield ind1="0" ind2=" " tag="362"><subfield code="a">Vol. 5, no. 28 (July 15, 1854)-v. 9, no. 18 (May 1, 1858) ; new ser., v. 9, no. 19 (May 8, 1858)-new ser., v. 9, no. 33 (Aug. 14, 1858) = whole no. 1040-1054.</subfield></datafield><datafield ind1=" " ind2=" " tag="500"><subfield code="a">Publishers: Garret L. Vliet, &lt;1855&gt;; Charles E. Chichester &amp; Joseph D. Rambo, 1855-1856; Garret L. Vliet &amp; Peter S. Dewald, 1856; Henry L. Cake, 1856-1858.</subfield></datafield><datafield ind1=" " ind2=" " tag="500"><subfield code="a">Democratic.</subfield></datafield><datafield ind1=" " ind2=" " tag="500"><subfield code="a">Editors: Garret L. Vliet, &lt;1855&gt;-1856; Henry L. Cake, 1856-1858.</subfield></datafield><datafield ind1=" " ind2="0" tag="651"><subfield code="a">Pottsville (Pa.)</subfield><subfield code="v">Newspapers.</subfield></datafield><datafield ind1=" " ind2="7" tag="655"><subfield code="a">Newspapers.</subfield><subfield code="2">fast</subfield><subfield code="0">(OCoLC)fst01423814</subfield></datafield><datafield ind1=" " ind2="7" tag="651"><subfield code="a">Pennsylvania</subfield><subfield code="z">Pottsville.</subfield><subfield code="2">fast</subfield><subfield code="0">(OCoLC)fst01223364</subfield></datafield><datafield ind1=" " ind2=" " tag="752"><subfield code="a">United States</subfield><subfield code="b">Pennsylvania</subfield><subfield code="c">Schuylkill</subfield><subfield code="d">Pottsville.</subfield></datafield><datafield ind1="0" ind2="4" tag="780"><subfield code="t">Mining register, and Schuylkill County Democrat</subfield><subfield code="w">(DLC)sn 86077101</subfield></datafield><datafield ind1="0" ind2="4" tag="780"><subfield code="t">Pottsville emporium, and Democratic press</subfield><subfield code="w">(DLC)sn 86081622</subfield></datafield><datafield ind1="0" ind2="0" tag="785"><subfield code="t">Mining record, and Pottsville emporium</subfield><subfield code="w">(DLC)sn 86053874</subfield></datafield></record>